<?xml version="1.0" encoding="UTF-8"?><record xmlns="http://www.loc.gov/MARC21/slim" xmlns:cinclude="http://apache.org/cocoon/include/1.0" xmlns:zs="http://www.loc.gov/zing/srw/">
  <leader>00525nz  a2200157n  4500</leader>
  <controlfield tag="001">no2011180268</controlfield>
  <controlfield tag="003">DLC</controlfield>
  <controlfield tag="005">20111123075543.0</controlfield>
  <controlfield tag="008">111121n| acannaabn          |a aaa     c</controlfield>
  <datafield tag="010" ind1=" " ind2=" ">
    <subfield code="a">no2011180268</subfield>
  </datafield>
  <datafield tag="035" ind1=" " ind2=" ">
    <subfield code="a">(OCoLC)oca09041094</subfield>
  </datafield>
  <datafield tag="040" ind1=" " ind2=" ">
    <subfield code="a">MsCleD</subfield>
    <subfield code="b">eng</subfield>
    <subfield code="c">MsCleD</subfield>
  </datafield>
  <datafield tag="100" ind1="1" ind2=" ">
    <subfield code="a">Binion, W. T.,</subfield>
    <subfield code="d">1932-</subfield>
  </datafield>
  <datafield tag="400" ind1="1" ind2=" ">
    <subfield code="a">Binion, Tommy</subfield>
    <subfield code="q">(W. T.),</subfield>
    <subfield code="d">1932-</subfield>
  </datafield>
  <datafield tag="670" ind1=" " ind2=" ">
    <subfield code="a">The high school marching band, c1973:</subfield>
    <subfield code="b">t.p. (W.T. Binion, Jr.) p. 11 (Tommy Binion)</subfield>
  </datafield>
  <datafield tag="670" ind1=" " ind2=" ">
    <subfield code="a">OCLC, Nov. 21, 2011</subfield>
    <subfield code="b">(hdg.: Binion, W. T., 1932-; usage: W.T. Binion, Jr.)</subfield>
  </datafield>
</record>